<record><leader>00000cas a22000007a 4500</leader><controlfield tag="001">29688352</controlfield><controlfield tag="008">940126c19799999okuwr ne      0    0eng d</controlfield><datafield ind1=" " ind2=" " tag="010"><subfield code="a">sn 94058714 </subfield></datafield><datafield ind1=" " ind2=" " tag="040"><subfield code="a">OBN</subfield><subfield code="b">eng</subfield><subfield code="c">OBN</subfield><subfield code="d">OCLCQ</subfield></datafield><datafield ind1=" " ind2=" " tag="042"><subfield code="a">msc</subfield></datafield><datafield ind1="0" ind2=" " tag="130"><subfield code="a">Westville reporter (Westville, Okla. : 1979)</subfield></datafield><datafield ind1="1" ind2="4" tag="245"><subfield code="a">The Westville reporter.</subfield></datafield><datafield ind1=" " ind2=" " tag="260"><subfield code="a">Westville, Okla. :</subfield><subfield code="b">Cherokee Communications Corp.</subfield></datafield><datafield ind1=" " ind2=" " tag="300"><subfield code="a">v.</subfield></datafield><datafield ind1=" " ind2=" " tag="310"><subfield code="a">Weekly</subfield></datafield><datafield ind1="0" ind2=" " tag="362"><subfield code="a">Vol. 30, no. 22 (Aug. 23, 1979)-</subfield></datafield><datafield ind1=" " ind2="4" tag="651"><subfield code="a">Westville (Okla.)</subfield><subfield code="v">Newspapers.</subfield></datafield><datafield ind1=" " ind2="4" tag="651"><subfield code="a">Adair County (Okla.)</subfield><subfield code="v">Newspapers.</subfield></datafield><datafield ind1=" " ind2=" " tag="752"><subfield code="a">United States</subfield><subfield code="b">Oklahoma</subfield><subfield code="c">Adair</subfield><subfield code="d">Westville.</subfield></datafield><datafield ind1="0" ind2="0" tag="780"><subfield code="t">Reporter (Westville, Okla.)</subfield><subfield code="w">(DLC)sn 94058713</subfield><subfield code="w">(OCoLC)29688160</subfield></datafield><datafield ind1="1" ind2=" " tag="029"><subfield code="a">AU@</subfield><subfield code="b">000025848453</subfield></datafield></record>